@Book{balk2010regression,
  title={Regression-type problems under zero median noise},
  author={Balk, PI},
  booktitle={Doklady Mathematics},
  volume={81},
  number={1},
  pages={142--145},
  year={2010},
  organization={Springer}
}
